<?xml version="1.0" encoding="UTF-8"?><record xmlns="http://www.loc.gov/MARC21/slim" xmlns:cinclude="http://apache.org/cocoon/include/1.0" xmlns:zs="http://www.loc.gov/zing/srw/">
  <leader>00394nz  a2200121n  4500</leader>
  <controlfield tag="001">n  90682435 </controlfield>
  <controlfield tag="003">DLC</controlfield>
  <controlfield tag="005">19900816101511.4</controlfield>
  <controlfield tag="008">900816n| acannaab|          |n aaa |||  </controlfield>
  <datafield tag="010" ind1=" " ind2=" ">
    <subfield code="a">n  90682435 </subfield>
  </datafield>
  <datafield tag="040" ind1=" " ind2=" ">
    <subfield code="a">DLC</subfield>
    <subfield code="c">DLC</subfield>
  </datafield>
  <datafield tag="100" ind1="1" ind2="0">
    <subfield code="a">Billet, Haagen Olsen,</subfield>
    <subfield code="d">1823-1902</subfield>
  </datafield>
  <datafield tag="670" ind1=" " ind2=" ">
    <subfield code="a">Boril, G. Billet, 1988:</subfield>
    <subfield code="b">p. 30 (Haagen Olsen Billet; b. 5-1-1823, Kjellseie Ăstre Toten, Norway; d. Barnes Co., ND, 3-18-02)</subfield>
  </datafield>
</record>